%% This BibTeX bibliography file was created using BibDesk.
%% http://bibdesk.sourceforge.net/


%% Created for Andrea Vedaldi at 2013-02-03 11:39:07 +0000 


%% Saved with string encoding Unicode (UTF-8) 


@string{bmvc = {Proc. {BMVC}}}

@string{cvpr = {Proc. {CVPR}}}

@string{eccv = {Proc. {ECCV}}}

@string{iccv = {Proc. {ICCV}}}

@string{icip = {Proc. {ICIP}}}

@string{icml = {Proc. {ICML}}}

@string{icpr = {Proc. {ICPR}}}

@string{ijcv = {{IJCV}}}

@string{inria = {{INRIA}}}

@string{mit = {{MIT}}}

@string{nips = {Proc. {NIPS}}}

@string{pami = {{PAMI}}}

@string{siggraph = {Proc. {SIGGRAPH}}}



@book{lindeberg94scale-space,
	Author = {T. Lindeberg},
	Publisher = {Springer},
	Title = {Scale-Space Theory in Computer Vision},
	Year = {1994}}

@inproceedings{witkin83scale-space,
	Author = {A. P. Witkin},
	Booktitle = {Proc. Int. Conf. on Artificial Intelligence},
	Title = {Scale-Space Filtering},
	Year = {1983}}

@techreport{achanta10slic,
	Author = {R. Achanta and A. Shaji and K. Smith and A. Lucchi and P. Fua and S. Susstrunk},
	Institution = {EPFL},
	Title = {{SLIC} Superpixels},
	Year = {2010}}

@article{shalev-shwartz10pegasos:,
	Author = {S. Shalev-Shwartz and Y. Singer and N. Srebro and A. Cotter},
	Journal = {{MBP}},
	Title = {Pegasos: {P}rimal {E}stimated sub-{G}r{A}dient {SO}lver for {SVM}},
	Year = {2010}}

@inproceedings{shalev-shwartz07pegasos,
	Author = {S. Shalev-Shwartz and Y. Singer and N. Srebro},
	Booktitle = icml,
	Title = {Pegasos: Primal Estimated sub-{GrAdient SOlver for SVM}},
	Year = {2007}}

@article{lloyd82least,
	Author = {S. Lloyd},
	Journal = {{IEEE} Trans. on Information Theory},
	Number = {2},
	Title = {Least square quantization in {PCM}},
	Volume = {28},
	Year = {1982}}

@inproceedings{silpa-anan08optimised,
	Author = {C. Silpa-Anan and R. Hartley},
	Booktitle = cvpr,
	Title = {Optimised {KD}-trees for fast image descriptor matching},
	Year = {2008}}

@inproceedings{muja09fast,
	Author = {M. Muja and D. G. Lowe},
	Booktitle = {Proc. {VISAPP}},
	Title = {Fast Approximate Nearest Neighbors with Automatic Algorithmic Configuration},
	Year = {2009}}

@inproceedings{beis97shape,
	Author = {J. S. Beis and D. G. Lowe},
	Booktitle = cvpr,
	Title = {Shape Indexing Using Approximate Nearest-Neighbour Search in High-Dimensional Spaces},
	Year = {1997}}

@inproceedings{vedaldi08quick,
	Author = {A. Vedaldi and S. Soatto},
	Booktitle = eccv,
	Title = {Quick Shift and Kernel Methods for Mode Seeking},
	Year = {2008}}

@inproceedings{arthur07k-means,
	Author = {D. Arthur and S. Vassilvitskii},
	Booktitle = {Proc. {ACM-SIAM} Symp. on Discrete Algorithms},
	Title = {{\tt k-means++}: The Advantages of Careful Seeding},
	Year = {2007}}

@article{koenderink84the-structure,
	Author = {Koenderink, J.},
	Journal = {Biological Cybernetics},
	Title = {The Structure of Images},
	Volume = {50},
	Year = {1984}}

@inproceedings{elkan03using,
	Author = {C. Elkan},
	Booktitle = {Proc. {ICML}},
	Title = {Using the Triangle Inequality to Accelerate $k$-Means},
	Year = {2003}}

@techreport{lindeberg98principles,
	Author = {T. Lindeberg},
	Institution = {Royal Institute of Technology},
	Number = {ISRN KTH/NA/P 98/14 SE},
	Title = {Principles for Automatic Scale Selection},
	Year = {1998}}

@inproceedings{lowe99object,
	Author = {Lowe, D. G.},
	Booktitle = iccv,
	Title = {Object Recognition from Local Scale-Invariant Features},
	Year = {1999}}

@inproceedings{matas03robust,
	Author = {Matas, J. and Chum, O. and Urban, M. and Pajdla, T.},
	Booktitle = bmvc,
	Title = {Robust Wide Baseline Stereo from Maximally Stable Extremal Regions},
	Year = {2002}}

